@COMMENT Introduction and Background chapters

@misc{GamingIndustrySize,
    author = {Witkowski, Wallace},
    title = {Videogames are a bigger industry than movies and {North American} sports combined, thanks to the pandemic},
    howpublished = {\url{https://www.marketwatch.com/story/videogames-are-a-bigger-industry-than-sports-and-movies-combined-thanks-to-the-pandemic-11608654990}},
    year = 2020,
    note = {Accessed: 15 February 2022},
}

@misc{SteamLargestDistributor,
    author = {Bailey, Dustin},
    title = {With \$4.3 billion in sales, 2017 was {Steam}’s biggest year yet},
    howpublished = {\url{https://www.pcgamesn.com/steam-revenue-2017}},
    year = 2018,
    note = {Accessed: 4 April 2022},
}

@misc{SteamMonthlyUsers,
    author = {Steamworks Development},
    title = {{Steam} - 2020 Year in Review},
    howpublished = {\url{https://steamcommunity.com/groups/steamworks/announcements/detail/2961646623386540827}},
    year = 2021,
    note = {Accessed: 15 February 2022},
}

@misc{SteamGameCount,
    title = {{Steam} Search},
    howpublished = {\url{https://store.steampowered.com/search/?category1=998&ignore_preferences=1}},
    year = 2022,
    note = {Accessed: 15 February 2022},
}

@misc{SteamCompetitors,
    author = {Minda, Madhubala},
    title = {Top 6 {Steam} Competitors},
    howpublished = {\url{https://digiaide.com/steam-competitors/}},
    year = 2021,
    note = {Accessed: 4 April 2022},
}

@misc{SteamConcurrentUsers,
    title = {{Steam} \& Game Stats},
    howpublished = {\url{https://store.steampowered.com/stats/}},
    year = 2022,
    note = {Accessed: 15 February 2022},
}

@misc{SteamGamePricing,
    author = {Brightman, James},
    title = {Indies need to start charging more for games - {Steam Spy}},
    howpublished = {\url{https://www.gamesindustry.biz/articles/2017-08-16-indies-need-to-start-charging-more-for-games-steam-spy}},
    year = 2017,
    note = {Accessed: 4 April 2022},
}

@misc{SteamFreeGameCount,
    title = {{Steam} Search},
    howpublished = {\url{https://store.steampowered.com/search/?ignore_preferences=1&maxprice=free&category1=998}},
    year = 2022,
    note = {Accessed: 15 February 2022},
}

@misc{SteamRatingsChart,
    author = {@runevision},
    title = {Seemingly how {Steam} ratings work},
    howpublished = {\url{https://www.reddit.com/r/Steam/comments/ivz45n/what_does_the_steam_ratings_like_very_negative_or/}},
    year = 2020,
    note = {Accessed: 4 April 2022},
}

@misc{SteamRatingsArticle,
    author = {Doucet, Lars},
    title = {Fixing {Steam}'s User Rating Charts},
    howpublished = {\url{https://www.gamedeveloper.com/business/fixing-steam-s-user-rating-charts}},
    year = 2014,
    note = {Accessed: 4 April 2022},
}

@misc{SteamApexLegends,
    title = {{Apex Legends}\texttrademark~ on {Steam}},
    howpublished = {\url{https://store.steampowered.com/app/1172470/Apex_Legends/}},
    year = 2022,
    note = {Accessed: 15 February 2022},
}

@COMMENT Dataset Examination chapter

@phdthesis{Seo2006_Outliers,
  title={A review and comparison of methods for detecting outliers in univariate data sets},
  author={Seo, Songwon},
  year={2006},
  school={University of Pittsburgh}
}

@misc{spacy,
    title = {{spaCy}: Industrial-strength Natural Language Processing in {Python}},
    author = {Honnibal, Matthew and Montani, Ines and Van Landegham, Sofie and Boyd, Adriane},
    url = {https://doi.org/10.5281/zenodo.1212303},
    year = {2020}
}

@misc{PyPi_LangDetect,
    title = {langdetect},
    author = {Danilk, Michal},
    url = {https://pypi.org/project/langdetect/},
    year = {2021}
}

@misc{Nakatani2010_LangDetect,
    title = {Language Detection Library for {Java}},
    author = {Shuyo, Nakatani},
    url = {http://code.google.com/p/language-detection/},
    year = {2010}
}

@COMMENT Literature Review Chapter

@InProceedings{Hutchins2004_MT,
    author="Hutchins, W. John",
    editor="Frederking, Robert E. and Taylor, Kathryn B.",
    title="The {G}eorgetown-{IBM} Experiment Demonstrated in {J}anuary 1954",
    booktitle="Machine Translation: From Real Users to Research",
    year="2004",
    publisher="Springer Berlin Heidelberg",
    address="Berlin, Heidelberg",
    pages="102--114",
    abstract="The public demonstration of a Russian-English machine translation system in New York in January 1954 -- a collaboration of IBM and Georgetown University -- caused a great deal of public interest and much controversy. Although a small-scale experiment of just 250 words and six `grammar' rules it raised expectations of automatic systems capable of high quality translation in the near future. This paper describes the system, its background, its impact and its implications.",
    isbn="978-3-540-30194-3"
}

@inproceedings{Jindal2007_Spam,
  title={Review spam detection},
  author={Jindal, Nitin and Liu, Bing},
  booktitle={Proceedings of the 16th international conference on World Wide Web},
  pages={1189--1190},
  year={2007}
}

@inproceedings{Adamopoulou2020_Chatbot,
  title={An overview of chatbot technology},
  author={Adamopoulou, Eleni and Moussiades, Lefteris},
  booktitle={IFIP International Conference on Artificial Intelligence Applications and Innovations},
  pages={373--383},
  year={2020},
  organization={Springer}
}

@misc{GoogleTranslate,
    author = {Turovsky, Barak},
    title = {Found in translation: More accurate, fluent sentences in {Google Translate}},
    howpublished = {\url{https://blog.google/products/translate/found-translation-more-accurate-fluent-sentences-google-translate/}},
    year = 2016,
    note = {Accessed: 6 April 2022},
}

@misc{MicrosoftSpeechRecognition,
    author = {Huang, Xuedong},
    title = {Microsoft researchers achieve new conversational speech recognition milestone},
    howpublished = {\url{https://www.microsoft.com/en-us/research/blog/microsoft-researchers-achieve-new-conversational-speech-recognition-milestone/}},
    year = 2017,
    note = {Accessed: 6 April 2022},
}

@article{Ceron2014_Sentiment,
  title={Every tweet counts? How sentiment analysis of social media can improve our knowledge of citizens’ political preferences with an application to {I}taly and {F}rance},
  author={Ceron, Andrea and Curini, Luigi and Iacus, Stefano M and Porro, Giuseppe},
  journal={New media \& society},
  volume={16},
  number={2},
  pages={340--358},
  year={2014},
  publisher={Sage Publications Sage UK: London, England}
}

@article{AOCNP2015_Watson,
  title={Watson will see you now: a supercomputer to help clinicians make informed treatment decisions},
  author={AOCNP, DCC},
  journal={Clinical journal of oncology nursing},
  volume={19},
  number={1},
  pages={31},
  year={2015},
  publisher={Oncology Nursing Society}
}

@misc{Vaswani2017_Transformers,
  doi = {10.48550/ARXIV.1706.03762},
  url = {https://arxiv.org/abs/1706.03762},
  author = {Vaswani, Ashish and Shazeer, Noam and Parmar, Niki and Uszkoreit, Jakob and Jones, Llion and Gomez, Aidan N. and Kaiser, Lukasz and Polosukhin, Illia},
  keywords = {Computation and Language (cs.CL), Machine Learning (cs.LG), FOS: Computer and information sciences, FOS: Computer and information sciences},
  title = {Attention Is All You Need},
  publisher = {arXiv},
  year = {2017},
  copyright = {arXiv.org perpetual, non-exclusive license}
}

@misc{Bahdanau2014_Attention,
  doi = {10.48550/ARXIV.1409.0473},
  url = {https://arxiv.org/abs/1409.0473},
  author = {Bahdanau, Dzmitry and Cho, Kyunghyun and Bengio, Yoshua},
  keywords = {Computation and Language (cs.CL), Machine Learning (cs.LG), Neural and Evolutionary Computing (cs.NE), Machine Learning (stat.ML), FOS: Computer and information sciences, FOS: Computer and information sciences},
  title = {Neural Machine Translation by Jointly Learning to Align and Translate},
  publisher = {arXiv},
  year = {2014},
  copyright = {arXiv.org perpetual, non-exclusive license}
}

@misc{Devlin2018_BERT,
  doi = {10.48550/ARXIV.1810.04805},
  url = {https://arxiv.org/abs/1810.04805},
  author = {Devlin, Jacob and Chang, Ming-Wei and Lee, Kenton and Toutanova, Kristina},
  keywords = {Computation and Language (cs.CL), FOS: Computer and information sciences, FOS: Computer and information sciences},
  title = {{BERT}: Pre-training of Deep Bidirectional Transformers for Language Understanding},
  publisher = {arXiv},
  year = {2018},
  copyright = {arXiv.org perpetual, non-exclusive license}
}

@misc{Mikolov2013_W2V,
  doi = {10.48550/ARXIV.1301.3781},
  url = {https://arxiv.org/abs/1301.3781},
  author = {Mikolov, Tomas and Chen, Kai and Corrado, Greg and Dean, Jeffrey},
  keywords = {Computation and Language (cs.CL), FOS: Computer and information sciences, FOS: Computer and information sciences},
  title = {Efficient Estimation of Word Representations in Vector Space},
  publisher = {arXiv},
  year = {2013},
  copyright = {arXiv.org perpetual, non-exclusive license}
}

@misc{GoogleSearchBERT,
    author = {Schwartz, Barry},
    title = {Google: {BERT} now used on almost every {E}nglish query},
    howpublished = {\url{https://searchengineland.com/google-bert-used-on-almost-every-english-query-342193}},
    year = 2015,
    note = {Accessed: 6 April 2022},
}

@article{mironczuk2018recent,
  title={A recent overview of the state-of-the-art elements of text classification},
  author={Miro{\'n}czuk, Marcin Micha{\l} and Protasiewicz, Jaros{\l}aw},
  journal={Expert Systems with Applications},
  volume={106},
  pages={36--54},
  year={2018},
  publisher={Elsevier}
}

@article{minaee2021deep,
  title={Deep learning--based text classification: a comprehensive review},
  author={Minaee, Shervin and Kalchbrenner, Nal and Cambria, Erik and Nikzad, Narjes and Chenaghlu, Meysam and Gao, Jianfeng},
  journal={ACM Computing Surveys (CSUR)},
  volume={54},
  number={3},
  pages={1--40},
  year={2021},
  publisher={ACM New York, NY, USA}
}

@inproceedings{lehevcka2020bert,
  title={Bert-based sentiment analysis using distillation},
  author={Lehe{\v{c}}ka, Jan and {\v{S}}vec, Jan and Ircing, Pavel and {\v{S}}m{\'\i}dl, Lubo{\v{s}}},
  booktitle={International Conference on Statistical Language and Speech Processing},
  pages={58--70},
  year={2020},
  organization={Springer}
}

@article{geetha2021improving,
  title={Improving the performance of aspect based sentiment analysis using fine-tuned Bert Base Uncased model},
  author={Geetha, MP and Renuka, D Karthika},
  journal={International Journal of Intelligent Networks},
  volume={2},
  pages={64--69},
  year={2021},
  publisher={Elsevier}
}

@inproceedings{dey2020comparative,
  title={A comparative study of support vector machine and Naive {B}ayes classifier for sentiment analysis on {A}mazon product reviews},
  author={Dey, Sanjay and Wasif, Sarhan and Tonmoy, Dhiman Sikder and Sultana, Subrina and Sarkar, Jayjeet and Dey, Monisha},
  booktitle={2020 International Conference on Contemporary Computing and Applications (IC3A)},
  pages={217--220},
  year={2020},
  organization={IEEE}
}

@article{aljuhani2019comparison,
  title={A comparison of sentiment analysis methods on {A}mazon reviews of Mobile Phones},
  author={Aljuhani, Sara Ashour and Alghamdi, Norah Saleh},
  journal={Int. J. Adv. Comput. Sci. Appl},
  volume={10},
  number={6},
  pages={608--617},
  year={2019}
}

@article{tripathy2016classification,
  title={Classification of sentiment reviews using n-gram machine learning approach},
  author={Tripathy, Abinash and Agrawal, Ankit and Rath, Santanu Kumar},
  journal={Expert Systems with Applications},
  volume={57},
  pages={117--126},
  year={2016},
  publisher={Elsevier}
}

@article{gonzalez2020comparing,
  title={Comparing BERT against traditional machine learning text classification},
  author={Gonz{\'a}lez-Carvajal, Santiago and Garrido-Merch{\'a}n, Eduardo C},
  journal={arXiv preprint arXiv:2005.13012},
  year={2020}
}

@misc{zuo2018sentiment,
  title={Sentiment analysis of steam review datasets using naive {B}ayes and decision tree classifier},
  author={Zuo, Zhen},
  year={2018}
}

@inproceedings{sobkowicz2016steam,
  title={Steam Review Dataset-new, large scale sentiment dataset},
  author={Sobkowicz, Antoni and Stokowiec, Wojciech},
  booktitle={Proceedings of the Tenth International Conference on Language Resources and Evaluation (LREC 2016) Workshop Emotion and Sentiment Analysis},
  pages={55--58},
  year={2016}
}

@inproceedings{miao2021compare,
  title={Compare Machine Learning Models in Text Classification Using {S}team User Reviews},
  author={Miao, Youchen and Jin, Zeyu and Zhang, Yumeng and Chen, Yuchen and Lai, Junren},
  booktitle={2021 3rd International Conference on Software Engineering and Development (ICSED)},
  pages={40--45},
  year={2021}
}

@inproceedings{kosmopoulos2020summarizing,
  title={Summarizing Game Reviews: First Contact.},
  author={Kosmopoulos, Aris and Liapis, Antonios and Giannakopoulos, George and Pittaras, Nikiforos},
  booktitle={SETN Workshops},
  pages={22--31},
  year={2020}
}

@inproceedings{jeffrey2020wisdom,
  title={The Wisdom of the Gaming Crowd},
  author={Jeffrey, Robert and Bian, Pengze and Ji, Fan and Sweetser, Penny},
  booktitle={Extended Abstracts of the 2020 Annual Symposium on Computer-Human Interaction in Play},
  pages={272--276},
  year={2020}
}

@inproceedings{yang2015semantic,
  title={Semantic analysis and helpfulness prediction of text for online product reviews},
  author={Yang, Yinfei and Yan, Yaowei and Qiu, Minghui and Bao, Forrest},
  booktitle={Proceedings of the 53rd Annual Meeting of the Association for Computational Linguistics and the 7th International Joint Conference on Natural Language Processing (Volume 2: Short Papers)},
  pages={38--44},
  year={2015}
}

@article{lee2014predicting,
  title={Predicting the helpfulness of online reviews using multilayer perceptron neural networks},
  author={Lee, Sangjae and Choeh, Joon Yeon},
  journal={Expert Systems with Applications},
  volume={41},
  number={6},
  pages={3041--3046},
  year={2014},
  publisher={Elsevier}
}

@article{zhang2018predicting,
  title={Predicting the helpfulness of online product reviews: A multilingual approach},
  author={Zhang, Ying and Lin, Zhijie},
  journal={Electronic Commerce Research and Applications},
  volume={27},
  pages={1--10},
  year={2018},
  publisher={Elsevier}
}

@inproceedings{xu2020bert,
  title={Bert feature based model for predicting the helpfulness scores of online customers reviews},
  author={Xu, Shuzhe and Barbosa, Salvador E and Hong, Don},
  booktitle={Future of Information and Communication Conference},
  pages={270--281},
  year={2020},
  organization={Springer}
}

@article{alsmadi2020predicting,
  title={Predicting Helpfulness of Online Reviews},
  author={Alsmadi, Abdalraheem and AlZu'bi, Shadi and Al-Ayyoub, Mahmoud and Jararweh, Yaser},
  journal={arXiv preprint arXiv:2008.10129},
  year={2020}
}

@misc{wang2020study,
  title={A Study of {A}mazon Customer Review Helpfulness Using Machine Learning},
  author={Wang, Qishun},
  year={2020}
}

@inproceedings{eberhard2018investigating,
  title={Investigating helpfulness of video game reviews on the steam platform},
  author={Eberhard, Lukas and Kasper, Patrick and Koncar, Philipp and G{\"u}tl, Christian},
  booktitle={2018 Fifth International Conference on Social Networks Analysis, Management and Security (SNAMS)},
  pages={43--50},
  year={2018},
  organization={IEEE}
}

@article{baowaly2019predicting,
  title={Predicting the helpfulness of game reviews: A case study on the Steam store},
  author={Baowaly, Mrinal Kanti and Tu, Yi-Pei and Chen, Kuan-Ta},
  journal={Journal of Intelligent \& Fuzzy Systems},
  volume={36},
  number={5},
  pages={4731--4742},
  year={2019},
  publisher={IOS Press}
}

@article{kamath2016understanding,
  title={Understanding rating behaviour and predicting ratings by identifying representative users},
  author={Kamath, Rahul and Ochi, Masanao and Matsuo, Yutaka},
  journal={arXiv preprint arXiv:1604.05468},
  year={2016}
}

@article{choi2013representative,
  title={Representative reviewers for Internet social media},
  author={Choi, Sang-Min and Han, Yo-Sub},
  journal={Expert Systems with Applications},
  volume={40},
  number={4},
  pages={1274--1282},
  year={2013},
  publisher={Elsevier}
}

@article{lee2011helpful,
  title={Helpful reviewers in {T}rip{A}dvisor, an online travel community},
  author={Lee, Hee “Andy” and Law, Rob and Murphy, Jamie},
  journal={Journal of Travel \& Tourism Marketing},
  volume={28},
  number={7},
  pages={675--688},
  year={2011},
  publisher={Taylor \& Francis}
}

@article{guerreiro2017yelp,
  title={Are {Y}elp's tips helpful in building influential consumers?},
  author={Guerreiro, Joao and Moro, Sergio},
  journal={Tourism Management Perspectives},
  volume={24},
  pages={151--154},
  year={2017},
  publisher={Elsevier}
}

@inproceedings{li2009discovering,
  title={Discovering influential nodes for viral marketing},
  author={Li, Yung-Ming and Lai, Cheng-Yang and Lin, Chia-Hao},
  booktitle={2009 42nd Hawaii International Conference on System Sciences},
  pages={1--10},
  year={2009},
  organization={IEEE}
}

@article{malik2020exploring,
  title={Exploring the influential reviewer, review and product determinants for review helpfulness},
  author={Malik, MSI and Hussain, Ayyaz},
  journal={Artificial Intelligence Review},
  volume={53},
  number={1},
  pages={407--427},
  year={2020},
  publisher={Springer}
}

@inproceedings{o2016condensing,
  title={Condensing {S}team: Distilling the diversity of gamer behavior},
  author={O'Neill, Mark and Vaziripour, Elham and Wu, Justin and Zappala, Daniel},
  booktitle={Proceedings of the 2016 internet measurement conference},
  pages={81--95},
  year={2016}
}

@inproceedings{gong2019hybrid,
  title={A hybrid recommender system for {S}team games},
  author={Gong, Jin and Ye, Yizhou and Stefanidis, Kostas},
  booktitle={International Workshop on Information Search, Integration, and Personalization},
  pages={133--144},
  year={2019},
  organization={Springer}
}

@inproceedings{saaidin2020recommender,
  title={Recommender System: Rating predictions of {S}team Games Based on Genre and Topic Modelling},
  author={Saaidin, Shuria and Kassim, Murizah and others},
  booktitle={2020 IEEE International Conference on Automatic Control and Intelligent Systems (I2CACIS)},
  pages={212--218},
  year={2020},
  organization={IEEE}
}

@inproceedings{wang2020using,
  title={Using deep learning and {S}team user data for better video game recommendations},
  author={Wang, Dylan and Moh, Melody and Moh, Teng-Sheng},
  booktitle={Proceedings of the 2020 ACM Southeast Conference},
  pages={154--159},
  year={2020}
}

@inproceedings{cooper2019personalized,
  title={Personalized Product Recommendation for Interactive Media},
  author={Cooper, Hal James and Iyengar, Garud and Lin, Ching-Yung},
  booktitle={International Conference on Intelligent Human Systems Integration},
  pages={510--516},
  year={2019},
  organization={Springer}
}

@inproceedings{saaidin2021playtime,
  title={Playtime-based vs Price-based Rating in Video Games Recommender System},
  author={Saaidin, Shuria and Kasiran, Zolidah},
  booktitle={2021 IEEE 11th IEEE Symposium on Computer Applications \& Industrial Electronics (ISCAIE)},
  pages={88--93},
  year={2021},
  organization={IEEE}
}

@article{tudon2021distilling,
  title={Distilling network effects from {S}team},
  author={Tud{\'o}n, Jos{\'e}},
  journal={Available at SSRN 3780303},
  year={2021}
}

@misc{linsteam,
  title={The {S}team Engine: A Recommendation System for {S}team Users},
  author={Lin, Brandon and Painter, Chris and Plunkett, Barry and Shi, Stephanie and Sun, Simeng},
  year={2018}
}

@article{bayram2021game,
  title={Game recommendation system for {S}team platform},
  author={Bayram, Serhan},
  year={2021},
  publisher={MEF {\"U}niversitesi Fen Bilimleri Enstit{\"u}s{\"u}}
}

@article{trusov2010determining,
  title={Determining influential users in internet social networks},
  author={Trusov, Michael and Bodapati, Anand V and Bucklin, Randolph E},
  journal={Journal of marketing research},
  volume={47},
  number={4},
  pages={643--658},
  year={2010},
  publisher={SAGE Publications Sage CA: Los Angeles, CA}
}

@article{probst2013will,
  title={Who will lead and who will follow: Identifying Influential Users in Online Social Networks},
  author={Probst, Florian and Grosswiele, Laura and Pfleger, Regina},
  journal={Business \& Information Systems Engineering},
  volume={5},
  number={3},
  pages={179--193},
  year={2013},
  publisher={Springer}
}

@article{ghosh2010predicting,
  title={Predicting influential users in online social networks},
  author={Ghosh, Rumi and Lerman, Kristina},
  journal={arXiv preprint arXiv:1005.4882},
  year={2010}
}

@COMMENT Explanations

@article{pedregosa2011scikit,
  title={Scikit-learn: Machine learning in {P}ython},
  author={Pedregosa, Fabian and Varoquaux, Ga{\"e}l and Gramfort, Alexandre and Michel, Vincent and Thirion, Bertrand and Grisel, Olivier and Blondel, Mathieu and Prettenhofer, Peter and Weiss, Ron and Dubourg, Vincent and others},
  journal={Journal of machine learning research},
  volume={12},
  number={Oct},
  pages={2825--2830},
  year={2011}
}

@book{dangeti2017statistics,
  title={Statistics for machine learning},
  author={Dangeti, Pratap},
  year={2017},
  publisher={Packt Publishing Ltd}
}

@inproceedings{rennie2003tackling,
  title={Tackling the poor assumptions of naive {B}ayes text classifiers},
  author={Rennie, Jason D and Shih, Lawrence and Teevan, Jaime and Karger, David R},
  booktitle={Proceedings of the 20th international conference on machine learning (ICML-03)},
  pages={616--623},
  year={2003}
}

@book{grus2019data,
  title={Data science from scratch: first principles with {P}ython},
  author={Grus, Joel},
  year={2019},
  publisher={O'Reilly Media}
}

@misc{WikipediaLSVC,
    title={Maximum-margin hyperplane and margins for an {SVM} trained with samples from two classes. {S}amples on the margin are called the support vectors.},
    author={Wikimedia Commons},
    year=2018,
    howpublished={\url{https://en.wikipedia.org/wiki/Support-vector_machine#/media/File:SVM_margin.png}},
    note={Accessed: 9 April 2022}
}

@article{smola2004tutorial,
  title={A tutorial on support vector regression},
  author={Smola, Alex J and Sch{\"o}lkopf, Bernhard},
  journal={Statistics and computing},
  volume={14},
  number={3},
  pages={199--222},
  year={2004},
  publisher={Springer}
}

@article{sanh2019distilbert,
  title={Distil{BERT}, a distilled version of {BERT}: smaller, faster, cheaper and lighter},
  author={Sanh, Victor and Debut, Lysandre and Chaumond, Julien and Wolf, Thomas},
  journal={arXiv preprint arXiv:1910.01108},
  year={2019}
}

@incollection{sabharwal2021bert,
  title={BERT Algorithms Explained},
  author={Sabharwal, Navin and Agrawal, Amit},
  booktitle={Hands-on Question Answering Systems with {BERT}},
  pages={65--95},
  year={2021},
  publisher={Springer}
}

@article{you2019large,
  title={Large batch optimization for deep learning: Training bert in 76 minutes},
  author={You, Yang and Li, Jing and Reddi, Sashank and Hseu, Jonathan and Kumar, Sanjiv and Bhojanapalli, Srinadh and Song, Xiaodan and Demmel, James and Keutzer, Kurt and Hsieh, Cho-Jui},
  journal={arXiv preprint arXiv:1904.00962},
  year={2019}
}

@misc{HuggingFaceEng,
    title={distilbert-base-uncased},
    author={Hugging Face},
    year=2019,
    howpublished={\url{https://huggingface.co/distilbert-base-uncased}},
    note={Accessed: 9 April 2022}
}

@misc{HuggingFaceMulti,
    title={distilbert-base-multilingual-cased},
    author={Hugging Face},
    year=2019,
    howpublished={\url{https://huggingface.co/distilbert-base-multilingual-cased}},
    note={Accessed: 9 April 2022}
}

@article{wolf2019huggingface,
  title={Huggingface's transformers: State-of-the-art natural language processing},
  author={Wolf, Thomas and Debut, Lysandre and Sanh, Victor and Chaumond, Julien and Delangue, Clement and Moi, Anthony and Cistac, Pierric and Rault, Tim and Louf, R{\'e}mi and Funtowicz, Morgan and others},
  journal={arXiv preprint arXiv:1910.03771},
  year={2019}
}

@article{hinton2015distilling,
  title={Distilling the knowledge in a neural network},
  author={Hinton, Geoffrey and Vinyals, Oriol and Dean, Jeff and others},
  journal={arXiv preprint arXiv:1503.02531},
  volume={2},
  number={7},
  year={2015}
}

@misc{AlammarTransformer,
    title={The Illustrated Transformer},
    author={Alammar, Jay},
    year=2018,
    howpublished={\url{http://jalammar.github.io/illustrated-transformer}},
    note={Accessed: 9 April 2022}
}
